@book{salvat2008videojuegos,
  title={Videojuegos y aprendizaje},
  author={Salvat, Bego{\~n}a Gros and Pampols, Carles Feixa and D{\'\i}az, Pilar Lacasa and Bol{\'o}s, Alejandro Catal{\`a} and Zaballos, Laura M{\'e}ndez and Mart{\'\i}nez, Javier Ja{\'e}n and i Mir{\'o}, Xavier Vilella and {\'A}lvarez, M Luisa Lamaz{\'a}n and S{\'a}nchez, Isidro Moreno and Borda, Rut Mart{\'\i}nez and others},
  volume={245},
  year={2008},
  publisher={Grao}
}

@inproceedings{sanchez2008videojuegos,
	title={Videojuegos constructivos y aprendizaje participativo},
	author={S{\'a}nchez, Isidro Moreno},
	booktitle={Videojuegos y aprendizaje},
	pages={73--92},
	year={2008},
	organization={Gra{\'o}}
}